@article{miller1990empirical,
  title={An empirical study of the reliability of UNIX utilities},
  author={Miller, Barton P and Fredriksen, Louis and So, Bryan},
  journal={Communications of the ACM},
  volume={33},
  number={12},
  pages={32--44},
  year={1990},
  publisher={ACM New York, NY, USA}
}

@book{takanen2018fuzzing,
  title={Fuzzing for software security testing and quality assurance},
  author={Takanen, Ari and Demott, Jared D and Miller, Charles and Kettunen, Atte},
  year={2018},
  publisher={Artech House}
}

@article{neystadt2008automated,
  title={Automated penetration testing with white-box fuzzing},
  author={Neystadt, John},
  journal={MSDN Library},
  year={2008}
}

@inproceedings{miller2007analysis,
  title={Analysis of mutation and generation-based fuzzing},
  author={Miller, Charlie and Peterson, Zachary NJ and others},
  booktitle={Independent Security Evaluators, Tech. Rep},
  volume={4},
  year={2007}
}
